@article{stonebraker2013voltdb,
  title={The VoltDB Main Memory DBMS.},
  author={Stonebraker, Michael and Weisberg, Ariel},
  journal={IEEE Data Eng. Bull.},
  volume={36},
  number={2},
  pages={21--27},
  year={2013}
}

@article{voltdb2010voltdb,
  title={Voltdb technical overview},
  author={VoltDB, LLC},
  year={2010},
  publisher={Whitepaper}
}

@inproceedings{borthakur2011apache,
  title={Apache Hadoop goes realtime at Facebook},
  author={Borthakur, Dhruba and Gray, Jonathan and Sarma, Joydeep Sen and Muthukkaruppan, Kannan and Spiegelberg, Nicolas and Kuang, Hairong and Ranganathan, Karthik and Molkov, Dmytro and Menon, Aravind and Rash, Samuel and others},
  booktitle={Proceedings of the 2011 ACM SIGMOD International Conference on Management of data},
  pages={1071--1080},
  year={2011},
  organization={ACM}
}

@article{lakshman2010cassandra,
  title={Cassandra: a decentralized structured storage system},
  author={Lakshman, Avinash and Malik, Prashant},
  journal={ACM SIGOPS Operating Systems Review},
  volume={44},
  number={2},
  pages={35--40},
  year={2010},
  publisher={ACM}
}

@article{grolinger2013data,
  title={Data management in cloud environments: NoSQL and NewSQL data stores},
  author={Grolinger, Katarina and Higashino, Wilson A and Tiwari, Abhinav and Capretz, Miriam AM},
  journal={Journal of Cloud Computing: Advances, Systems and Applications},
  volume={2},
  number={1},
  pages={22},
  year={2013},
  publisher={Springer}
}

@inproceedings{decandia2007dynamo,
  title={Dynamo: amazon's highly available key-value store},
  author={DeCandia, Giuseppe and Hastorun, Deniz and Jampani, Madan and Kakulapati, Gunavardhan and Lakshman, Avinash and Pilchin, Alex and Sivasubramanian, Swaminathan and Vosshall, Peter and Vogels, Werner},
  booktitle={ACM SIGOPS Operating Systems Review},
  volume={41},
  number={6},
  pages={205--220},
  year={2007},
  organization={ACM}
}

@article{chang2008bigtable,
  title={Bigtable: A distributed storage system for structured data},
  author={Chang, Fay and Dean, Jeffrey and Ghemawat, Sanjay and Hsieh, Wilson C and Wallach, Deborah A and Burrows, Mike and Chandra, Tushar and Fikes, Andrew and Gruber, Robert E},
  journal={ACM Transactions on Computer Systems (TOCS)},
  volume={26},
  number={2},
  pages={4},
  year={2008},
  publisher={ACM}
}

@MISC{cassandra_then&now,
author = {Lakshman, Avinash and Malik, Prashant and Ellis, Jonathan},
title = {Facebookâ€™s Cassandra paper, annotated and compared to Apache Cassandra 2.0},
howpublished={\url{http://www.datastax.com/documentation/articles/cassandra/cassandrathenandnow.html}},
note = {Accessed on 15/11/2014}
}

@MISC{cassandra_lightweight_trans,
author = {DataStax},
title = {Lightweight transactions},
howpublished={\url{http://www.datastax.com/documentation/cassandra/2.0/cassandra/dml/dml_ltwt_transaction_c.html}},
note = {Accessed on 15/11/2014}
}

@MISC{cassandra_solr,
author = {DataStax},
title = {Getting started with Solr in DataStax Enterprise},
howpublished={\url{http://www.datastax.com/documentation/datastax_enterprise/4.5/datastax_enterprise/srch/srchIntro.html}},
note = {Accessed on 15/11/2014}
}

@MISC{cassandra_spark,
author = {DataStax},
title = {Analyzing data using Spark},
howpublished={\url{http://www.datastax.com/documentation/datastax_enterprise/4.5/datastax_enterprise/spark/sparkTOC.html}},
note = {Accessed on 15/11/2014}
}

@MISC{cassandra_CQL,
author = {DataStax},
title = {Cassandra Query Language (CQL) v3.1.7},
howpublished={\url{http://cassandra.apache.org/doc/cql3/CQL.html}},
note = {Accessed on 15/11/2014}
}

@MISC{hbase_acid,
author = {Apache Foundation},
title = {HBase ACID semantics},
howpublished={\url{http://hbase.apache.org/acid-semantics.html}},
note = {Accessed on 15/11/2014}
}

@MISC{db_engine_rank,
title = {DB-Engine Ranking},
howpublished={\url{http://www.db-engines.com/en/ranking}},
note = {Accessed on 15/11/2014}
}

@article{wanderman2014runtime,
  title={Runtime Code Generation in Cloudera Impala.},
  author={Wanderman-Milne, Skye and Li, Nong},
  journal={IEEE Data Eng. Bull.},
  volume={37},
  number={1},
  pages={31--37},
  year={2014}
}

@article{floratou2014sql,
  title={Sql-on-hadoop: Full circle back to shared-nothing database architectures},
  author={Floratou, Avrilia and Minhas, Umar Farooq and Ozcan, Fatma},
  journal={Proceedings of the VLDB Endowment},
  volume={7},
  number={12},
  year={2014}
}

@MISC{cloudera_impala,
title = {Cloudera Impala},
author = {Kornacker, Marcel and Erickson, Justin},
howpublished={\url{http://blog.cloudera.com/blog/2012/10/cloudera-impala-real-time-queries-in-apache-hadoop-for-real/}},
note = {Accessed on 15/11/2014}
}

@MISC{mongodb_indexes,
title = {MongoDB indexes},
author = {MongoDB},
howpublished = {\url{http://docs.mongodb.org/manual/core/indexes-introduction/}},
note = {Accessed on 15/11/2014}
}

@MISC{mongodb_query_plans,
title = {MongoDB query plans},
author = {MongoDB},
howpublished = {\url{http://docs.mongodb.org/manual/core/query-plans/}},
note = {Accessed on 16/11/2014}
}


 

